<?xml version="1.0" encoding="UTF-8"?><collection xmlns="http://www.loc.gov/MARC21/slim"><record><leader>00460nam--2200133-i-4500</leader><controlfield tag="001">000010019</controlfield><controlfield tag="002">20161230</controlfield><controlfield tag="005">20161230201028</controlfield><controlfield tag="008">060222s1000------------r-----000-0-eng-d</controlfield><datafield ind1=" " ind2=" " tag="080"><subfield code="a">621.375.826</subfield></datafield><datafield ind1=" " ind2=" " tag="245"><subfield code="a">Developments in laser technology. seminar proceedings. nov.17-18, 1969, rochester, new york</subfield></datafield><datafield ind1=" " ind2=" " tag="260"><subfield code="a">Redondo Beach, California, Society Of Photo-optical Instrumentation Engineers, 1969 Xii+184p</subfield></datafield><datafield ind1=" " ind2=" " tag="490"><subfield code="a">S.P.I.E.Seminar Proceedings</subfield></datafield><datafield ind1=" " ind2=" " tag="852"><subfield code="a">36134</subfield></datafield></record></collection>